% Literaturdatei für Internetseiten
% BILDER 


%----------------------------------------------------------------------------------------------
% Internetquellen 
%%% %%% %%% QUELLEN


@Online{ChatGPTl,
  author  = {},
  title   = {ChatGPT - Textgeneration},
  url     = {https://chat.openai.com/},
  urldate = {2024-02-21},
}


%----------------------------------------------------------------------------------------------
%%% %%% %%% PAPER

@Online{Fushimi.Mehrzyklone,
  author  = {C. Fushimi et al.},
  title   = {Recent Progress in Efficient Gas–Solid Cyclone Separators with a High Solids Loading for Large-scale Fluidized Beds},
  url     = {https://www.jstage.jst.go.jp/article/kona/38/0/38_2021001/_html/-char/en},
  urldate = {2024-02-20},
}

