% Encoding: UTF-8
% Literaturdatei für Bücher

@book{Richard.2020,
 author = {Hans Albert Richard, Gunter Kullmer},
 year = {2020},
 title = {Biomechanik: Anwendungen mechanischer Prinzipien auf den menschlichen Bewegungsapparat},
 keywords = {Biomechanik},
 address = {Vieweg Wiesbaden},
 edition = {2. Aufl. 2020},
 publisher = {{Springer Vieweg Wiesbaden}},
 isbn = {9783658283339},
}

@book{Schlegel.MedPhy.2018,
    author = {Wolfgang Schlegel, Christian P. Karger, Oliver Jäkel},
    title = {Medizinische Physik: Grundlagen – Bildgebung – Therapie – Technik},
    publisher = {Springer Spektrum Berlin, Heidelberg},
    year = {2018},
}



